@Book{Bart95,
  title = {The Elements of Integration and Lebesgue Measure},
  author = {Robert G. Bartle},
  publisher = {John Wiley \& Sons, Inc.},
  year = {1995},
  doi = {10.1002/9781118164471}
}

@Book{Cohn13,
  title = {Measure theory},
  author = {D. L. Cohn},
  publisher = {Birkh√§user, New York, NY},
  year = {2013},
  edition = {2nd},
  doi = {10.1007/978-1-4614-6956-8}
}

@Book{Dem20,
  title = {Probability Theory: STAT310/MATH230, Lecture Notes},
  author = {A. Dembo},
  publisher = {Stanford},
  year = {2020},
  note = {Available online as of June 2020},
  url = {https://statweb.stanford.edu/~adembo/stat-310b/lnotes.pdf}
}

@Book{Kle14,
  title = {Probability Theory},
  author = {A. Klenke},
  publisher = {Springer, London},
  year = {2014},
  edition = {2nd},
  doi = {10.1007/978-1-4471-5361-0}
}

@Book{Kub15,
  title = {Essentials of measure theory},
  author = {C. S. Kubrusly},
  publisher = {Springer, Cham},
  year = {2015},
  edition = {1st},
  doi = {10.1007/978-3-319-22506-7}
}

@Book{Shir16,
  title = {Probability-1: Graduate Texts in Mathematics},
  author = {A. N. Shiryaev},
  publisher = {Springer, New York, NY},
  year = {2016},
  edition = {3rd},
  doi = {10.1007/978-0-387-72206-1}
}

@Book{Tao11,
  title = {An Introduction to Measure Theory, Graduate Studies in Mathematics},
  author = {T. Tao},
  publisher = {American Mathematical Society},
  year = {2011},
  volume = {126},
  doi = {10.1090/gsm/126}
}

